<record><leader>00000cas a22000007a 4500</leader><controlfield tag="001">39155063</controlfield><controlfield tag="008">980521d19101924tnudn ne      0    0eng d</controlfield><datafield ind1=" " ind2=" " tag="010"><subfield code="a">sn 98069811 </subfield></datafield><datafield ind1=" " ind2=" " tag="040"><subfield code="a">TGN</subfield><subfield code="b">eng</subfield><subfield code="c">TGN</subfield><subfield code="d">OCLCQ</subfield><subfield code="d">OCLCF</subfield><subfield code="d">OCLCO</subfield></datafield><datafield ind1="1" ind2=" " tag="029"><subfield code="a">AU@</subfield><subfield code="b">000013957573</subfield></datafield><datafield ind1=" " ind2=" " tag="042"><subfield code="a">msc</subfield></datafield><datafield ind1=" " ind2=" " tag="043"><subfield code="a">n-us-tn</subfield></datafield><datafield ind1="0" ind2=" " tag="130"><subfield code="a">Johnson City staff (Johnson City, Tenn. : Daily)</subfield></datafield><datafield ind1="1" ind2="4" tag="245"><subfield code="a">The Johnson City staff.</subfield></datafield><datafield ind1="1" ind2=" " tag="246"><subfield code="i">Sunday issue for Feb. 24, 1924 has title:</subfield><subfield code="a">Johnson City Chronicle combined with the Johnson City staff</subfield></datafield><datafield ind1="1" ind2=" " tag="246"><subfield code="i">Sunday issue for Mar. 2, 1924 has title:</subfield><subfield code="a">Sunday chronicle-staff</subfield></datafield><datafield ind1="1" ind2=" " tag="246"><subfield code="i">Sunday issues for Mar. 9-Aug. 10, 1924 have title:</subfield><subfield code="a">Chronicle-staff</subfield></datafield><datafield ind1=" " ind2=" " tag="260"><subfield code="a">Johnson City, Tenn. :</subfield><subfield code="b">E. Munsey Slack,</subfield><subfield code="c">-1924.</subfield></datafield><datafield ind1=" " ind2=" " tag="300"><subfield code="a">v.</subfield></datafield><datafield ind1=" " ind2=" " tag="310"><subfield code="a">Daily (except Sat.),</subfield><subfield code="b">&lt;Apr. 28, 1923&gt;-Apr. 12, 1924</subfield></datafield><datafield ind1=" " ind2=" " tag="321"><subfield code="a">Daily (except Sun.),</subfield><subfield code="b">&lt;Feb. 3, 1911-June 27, 1919&gt;</subfield></datafield><datafield ind1=" " ind2=" " tag="321"><subfield code="a">Daily,</subfield><subfield code="b">&lt;July 10, 1922-Apr. 27, 1923&gt;</subfield></datafield><datafield ind1="1" ind2=" " tag="362"><subfield code="a">Began in 1910.</subfield></datafield><datafield ind1="0" ind2=" " tag="362"><subfield code="a">-v. 15, no. 117 (Aug. 12, 1924).</subfield></datafield><datafield ind1=" " ind2=" " tag="580"><subfield code="a">Sunday issues for Feb. 24-Aug. 10, 1924 are a combined publication with: Johnson City chronicle.</subfield></datafield><datafield ind1=" " ind2=" " tag="580"><subfield code="a">Merged with: Evening news (Johnson City, Tenn.), to form: Johnson City staff-news.</subfield></datafield><datafield ind1=" " ind2=" " tag="588"><subfield code="a">Description based on: Vol. 1, no. 268 (Feb. 3, 1911).</subfield></datafield><datafield ind1=" " ind2="0" tag="651"><subfield code="a">Johnson City (Tenn.)</subfield><subfield code="v">Newspapers.</subfield></datafield><datafield ind1=" " ind2="0" tag="651"><subfield code="a">Washington County (Tenn.)</subfield><subfield code="v">Newspapers.</subfield></datafield><datafield ind1=" " ind2="7" tag="655"><subfield code="a">Newspapers.</subfield><subfield code="2">fast</subfield><subfield code="0">(OCoLC)fst01423814</subfield></datafield><datafield ind1=" " ind2="7" tag="651"><subfield code="a">Tennessee</subfield><subfield code="z">Johnson City.</subfield><subfield code="2">fast</subfield><subfield code="0">(OCoLC)fst01205644</subfield></datafield><datafield ind1=" " ind2="7" tag="651"><subfield code="a">Tennessee</subfield><subfield code="z">Washington County.</subfield><subfield code="2">fast</subfield><subfield code="0">(OCoLC)fst01234578</subfield></datafield><datafield ind1=" " ind2=" " tag="752"><subfield code="a">United States</subfield><subfield code="b">Tennessee</subfield><subfield code="c">Washington</subfield><subfield code="d">Johnson City.</subfield></datafield><datafield ind1="0" ind2=" " tag="775"><subfield code="t">Weekly Johnson City staff</subfield><subfield code="w">(DLC)sn 98069810</subfield></datafield><datafield ind1="1" ind2="7" tag="785"><subfield code="t">Evening news (Johnson City, Tenn.)</subfield><subfield code="w">(DLC)sn 98069799</subfield></datafield><datafield ind1="1" ind2="7" tag="785"><subfield code="t">Johnson City staff-news</subfield><subfield code="w">(DLC)sn 98069812</subfield></datafield><datafield ind1="1" ind2=" " tag="787"><subfield code="t">Johnson City chronicle</subfield><subfield code="w">(DLC)sn 98069816</subfield></datafield></record>